Invoice ID,Branch,City,Customer type,Gender,Product line,Unit price,Quantity,Tax 5%,Sales,Date,Time,Payment,cogs,gross margin percentage,gross income,Rating
226-31-3081,Giza,Naypyitaw,Normal,Female,Electronic accessories,15.28,5,3.82,80.22,03-08-2019,10:29:00 AM,Cash,76.4,4.761904762,3.82,9.6
699-14-3026,Giza,Naypyitaw,Member,Female,Electronic accessories,85.39,7,29.8865,627.6165,3/25/2019,6:30:00 PM,Ewallet,597.73,4.761904762,29.8865,4.1
315-22-5665,Giza,Naypyitaw,Member,Female,Home and lifestyle,73.56,10,36.78,772.38,2/24/2019,11:38:00 AM,Ewallet,735.6,4.761904762,36.78,8
300-71-4605,Giza,Naypyitaw,Member,Female,Electronic accessories,86.04,5,21.51,451.71,2/25/2019,11:24:00 AM,Ewallet,430.2,4.761904762,21.51,4.8
183-56-6882,Giza,Naypyitaw,Member,Female,Food and beverages,99.42,4,19.884,417.564,02-06-2019,10:42:00 AM,Ewallet,397.68,4.761904762,19.884,7.5
232-16-2483,Giza,Naypyitaw,Member,Female,Sports and travel,68.12,1,3.406,71.526,01-07-2019,12:28:00 PM,Ewallet,68.12,4.761904762,3.406,6.8
333-73-7901,Giza,Naypyitaw,Member,Female,Health and beauty,54.92,8,21.968,461.328,3/23/2019,1:24:00 PM,Ewallet,439.36,4.761904762,21.968,7.6
554-53-8700,Giza,Naypyitaw,Member,Female,Home and lifestyle,56.11,2,5.611,117.831,02-02-2019,10:11:00 AM,Cash,112.22,4.761904762,5.611,6.3
228-96-1411,Giza,Naypyitaw,Member,Female,Food and beverages,98.7,8,39.48,829.08,03-04-2019,8:39:00 PM,Cash,789.6,4.761904762,39.48,7.6
617-15-4209,Giza,Naypyitaw,Member,Female,Health and beauty,15.37,2,1.537,32.277,3/16/2019,7:47:00 PM,Cash,30.74,4.761904762,1.537,7.2
574-22-5561,Giza,Naypyitaw,Member,Female,Fashion accessories,82.63,10,41.315,867.615,3/19/2019,5:08:00 PM,Ewallet,826.3,4.761904762,41.315,7.9
326-78-5178,Giza,Naypyitaw,Member,Female,Food and beverages,91.4,7,31.99,671.79,02-03-2019,10:19:00 AM,Cash,639.8,4.761904762,31.99,9.5
778-71-5554,Giza,Naypyitaw,Member,Female,Fashion accessories,15.43,1,0.7715,16.2015,1/25/2019,3:46:00 PM,Credit card,15.43,4.761904762,0.7715,6.1
399-46-5918,Giza,Naypyitaw,Member,Female,Electronic accessories,85.98,8,34.392,722.232,2/28/2019,7:01:00 PM,Cash,687.84,4.761904762,34.392,8.2
120-06-4233,Giza,Naypyitaw,Member,Female,Electronic accessories,30.61,6,9.183,192.843,03-12-2019,8:36:00 PM,Cash,183.66,4.761904762,9.183,9.3
285-68-5083,Giza,Naypyitaw,Member,Female,Sports and travel,24.74,3,3.711,77.931,2/15/2019,5:47:00 PM,Credit card,74.22,4.761904762,3.711,10
803-83-5989,Giza,Naypyitaw,Member,Female,Home and lifestyle,55.73,6,16.719,351.099,2/24/2019,10:55:00 AM,Ewallet,334.38,4.761904762,16.719,7
838-78-4295,Giza,Naypyitaw,Member,Female,Health and beauty,33.47,2,3.347,70.287,02-10-2019,3:43:00 PM,Ewallet,66.94,4.761904762,3.347,6.7
393-65-2792,Giza,Naypyitaw,Member,Female,Food and beverages,89.48,10,44.74,939.54,01-06-2019,12:46:00 PM,Credit card,894.8,4.761904762,44.74,9.6
796-12-2025,Giza,Naypyitaw,Member,Female,Fashion accessories,62.12,10,31.06,652.26,02-11-2019,4:19:00 PM,Cash,621.2,4.761904762,31.06,5.9
841-35-6630,Giza,Naypyitaw,Member,Female,Electronic accessories,75.91,6,22.773,478.233,03-09-2019,6:21:00 PM,Cash,455.46,4.761904762,22.773,8.7
732-94-0499,Giza,Naypyitaw,Member,Female,Electronic accessories,41.65,10,20.825,437.325,1/13/2019,5:04:00 PM,Credit card,416.5,4.761904762,20.825,5.4
263-10-3913,Giza,Naypyitaw,Member,Female,Fashion accessories,49.04,9,22.068,463.428,01-09-2019,2:20:00 PM,Credit card,441.36,4.761904762,22.068,8.6
829-49-1914,Giza,Naypyitaw,Member,Female,Food and beverages,78.31,10,39.155,822.255,03-05-2019,4:24:00 PM,Ewallet,783.1,4.761904762,39.155,6.6
756-01-7507,Giza,Naypyitaw,Member,Female,Health and beauty,20.38,5,5.095,106.995,1/22/2019,6:56:00 PM,Cash,101.9,4.761904762,5.095,6
870-72-4431,Giza,Naypyitaw,Member,Female,Health and beauty,99.19,6,29.757,624.897,1/21/2019,2:42:00 PM,Credit card,595.14,4.761904762,29.757,5.5
480-63-2856,Giza,Naypyitaw,Member,Female,Food and beverages,19.25,8,7.7,161.7,1/23/2019,6:37:00 PM,Ewallet,154,4.761904762,7.7,6.6
787-56-0757,Giza,Naypyitaw,Member,Female,Food and beverages,80.36,4,16.072,337.512,2/23/2019,6:45:00 PM,Credit card,321.44,4.761904762,16.072,8.3
360-39-5055,Giza,Naypyitaw,Member,Female,Sports and travel,48.91,5,12.2275,256.7775,03-09-2019,10:17:00 AM,Cash,244.55,4.761904762,12.2275,6.6
730-50-9884,Giza,Naypyitaw,Member,Female,Sports and travel,83.06,7,29.071,610.491,03-05-2019,2:31:00 PM,Ewallet,581.42,4.761904762,29.071,4
362-58-8315,Giza,Naypyitaw,Member,Female,Fashion accessories,76.52,5,19.13,401.73,3/25/2019,10:23:00 AM,Cash,382.6,4.761904762,19.13,9.9
565-80-5980,Giza,Naypyitaw,Member,Female,Home and lifestyle,47.38,4,9.476,198.996,1/23/2019,10:25:00 AM,Cash,189.52,4.761904762,9.476,7.1
225-32-0908,Giza,Naypyitaw,Member,Female,Sports and travel,44.86,10,22.43,471.03,1/26/2019,7:54:00 PM,Ewallet,448.6,4.761904762,22.43,8.2
512-91-0811,Giza,Naypyitaw,Member,Female,Health and beauty,89.75,1,4.4875,94.2375,02-06-2019,8:05:00 PM,Credit card,89.75,4.761904762,4.4875,6.6
871-39-9221,Giza,Naypyitaw,Member,Female,Electronic accessories,12.45,6,3.735,78.435,02-09-2019,1:11:00 PM,Cash,74.7,4.761904762,3.735,4.1
163-56-7055,Giza,Naypyitaw,Member,Female,Fashion accessories,48.71,1,2.4355,51.1455,3/26/2019,7:20:00 PM,Cash,48.71,4.761904762,2.4355,4.1
189-98-2939,Giza,Naypyitaw,Member,Female,Fashion accessories,78.55,9,35.3475,742.2975,03-01-2019,1:22:00 PM,Cash,706.95,4.761904762,35.3475,7.2
551-21-3069,Giza,Naypyitaw,Member,Female,Electronic accessories,23.07,9,10.3815,218.0115,02-01-2019,11:27:00 AM,Cash,207.63,4.761904762,10.3815,4.9
628-34-3388,Giza,Naypyitaw,Member,Female,Fashion accessories,27.38,6,8.214,172.494,01-05-2019,8:54:00 PM,Credit card,164.28,4.761904762,8.214,7.9
588-01-7461,Giza,Naypyitaw,Member,Female,Food and beverages,33.98,9,15.291,321.111,3/24/2019,10:43:00 AM,Cash,305.82,4.761904762,15.291,4.2
861-77-0145,Giza,Naypyitaw,Member,Female,Electronic accessories,81.97,10,40.985,860.685,03-03-2019,2:30:00 PM,Cash,819.7,4.761904762,40.985,9.2
210-67-5886,Giza,Naypyitaw,Member,Female,Health and beauty,98.21,3,14.7315,309.3615,02-05-2019,10:41:00 AM,Credit card,294.63,4.761904762,14.7315,7.8
237-01-6122,Giza,Naypyitaw,Member,Female,Home and lifestyle,80.79,9,36.3555,763.4655,02-01-2019,8:31:00 PM,Credit card,727.11,4.761904762,36.3555,9.5
225-98-1496,Giza,Naypyitaw,Member,Female,Fashion accessories,27.02,3,4.053,85.113,03-02-2019,1:01:00 PM,Credit card,81.06,4.761904762,4.053,7.1
659-36-1684,Giza,Naypyitaw,Member,Female,Sports and travel,57.12,7,19.992,419.832,01-12-2019,12:02:00 PM,Credit card,399.84,4.761904762,19.992,6.5
336-78-2147,Giza,Naypyitaw,Member,Female,Home and lifestyle,63.91,8,25.564,536.844,3/13/2019,7:52:00 PM,Credit card,511.28,4.761904762,25.564,4.6
189-08-9157,Giza,Naypyitaw,Member,Female,Fashion accessories,31.73,9,14.2785,299.8485,01-08-2019,4:17:00 PM,Credit card,285.57,4.761904762,14.2785,5.9
663-86-9076,Giza,Naypyitaw,Member,Female,Food and beverages,68.54,8,27.416,575.736,01-08-2019,3:57:00 PM,Ewallet,548.32,4.761904762,27.416,8.5
483-71-1164,Giza,Naypyitaw,Normal,Female,Health and beauty,81.3,6,24.39,512.19,03-08-2019,4:43:00 PM,Ewallet,487.8,4.761904762,24.39,5.3
597-78-7908,Giza,Naypyitaw,Normal,Female,Fashion accessories,90.22,3,13.533,284.193,2/18/2019,7:39:00 PM,Cash,270.66,4.761904762,13.533,6.2
731-81-9469,Giza,Naypyitaw,Member,Female,Sports and travel,89.8,10,44.9,942.9,1/23/2019,1:00:00 PM,Credit card,898,4.761904762,44.9,5.4
280-17-4359,Giza,Naypyitaw,Member,Male,Health and beauty,90.5,10,45.25,950.25,1/25/2019,1:48:00 PM,Cash,905,4.761904762,45.25,8.1
338-65-2210,Giza,Naypyitaw,Member,Female,Health and beauty,68.6,10,34.3,720.3,02-05-2019,7:57:00 PM,Cash,686,4.761904762,34.3,9.1
488-25-4221,Giza,Naypyitaw,Member,Female,Food and beverages,30.41,1,1.5205,31.9305,2/22/2019,10:36:00 AM,Credit card,30.41,4.761904762,1.5205,8.4
458-41-1477,Giza,Naypyitaw,Normal,Female,Health and beauty,46.26,6,13.878,291.438,03-08-2019,5:11:00 PM,Credit card,277.56,4.761904762,13.878,9.5
568-90-5112,Giza,Naypyitaw,Normal,Male,Health and beauty,66.14,4,13.228,277.788,3/19/2019,12:46:00 PM,Credit card,264.56,4.761904762,13.228,5.6
584-86-7256,Giza,Naypyitaw,Member,Male,Sports and travel,34.56,7,12.096,254.016,03-11-2019,4:07:00 PM,Credit card,241.92,4.761904762,12.096,7.3
214-17-6927,Giza,Naypyitaw,Normal,Female,Food and beverages,16.48,6,4.944,103.824,02-07-2019,6:23:00 PM,Ewallet,98.88,4.761904762,4.944,9.9
400-89-4171,Giza,Naypyitaw,Normal,Female,Sports and travel,80.97,8,32.388,680.148,1/28/2019,1:05:00 PM,Cash,647.76,4.761904762,32.388,9.3
894-41-5205,Giza,Naypyitaw,Normal,Female,Food and beverages,43.18,8,17.272,362.712,1/19/2019,7:39:00 PM,Credit card,345.44,4.761904762,17.272,8.3
423-80-0988,Giza,Naypyitaw,Normal,Male,Sports and travel,76.4,2,7.64,160.44,1/30/2019,7:42:00 PM,Ewallet,152.8,4.761904762,7.64,6.5
234-65-2137,Giza,Naypyitaw,Normal,Male,Home and lifestyle,95.58,10,47.79,1003.59,1/16/2019,1:32:00 PM,Cash,955.8,4.761904762,47.79,4.8
733-33-4967,Giza,Naypyitaw,Normal,Male,Electronic accessories,20.85,8,8.34,175.14,03-03-2019,7:17:00 PM,Cash,166.8,4.761904762,8.34,6.3
139-52-2867,Giza,Naypyitaw,Normal,Female,Fashion accessories,22.51,7,7.8785,165.4485,2/13/2019,10:50:00 AM,Credit card,157.57,4.761904762,7.8785,4.8
342-65-4817,Giza,Naypyitaw,Member,Male,Health and beauty,86.8,3,13.02,273.42,1/28/2019,4:47:00 PM,Ewallet,260.4,4.761904762,13.02,9.9
130-98-8941,Giza,Naypyitaw,Normal,Male,Fashion accessories,64.26,7,22.491,472.311,02-09-2019,10:00:00 AM,Cash,449.82,4.761904762,22.491,5.7
434-83-9547,Giza,Naypyitaw,Member,Male,Food and beverages,38.47,8,15.388,323.148,1/23/2019,11:51:00 AM,Cash,307.76,4.761904762,15.388,7.7
824-88-3614,Giza,Naypyitaw,Normal,Male,Health and beauty,34.31,8,13.724,288.204,1/25/2019,3:00:00 PM,Ewallet,274.48,4.761904762,13.724,5.7
593-65-1552,Giza,Naypyitaw,Normal,Female,Home and lifestyle,69.81,4,13.962,293.202,1/28/2019,8:50:00 PM,Credit card,279.24,4.761904762,13.962,5.9
286-43-6208,Giza,Naypyitaw,Normal,Female,Food and beverages,87.8,9,39.51,829.71,3/16/2019,7:08:00 PM,Cash,790.2,4.761904762,39.51,9.2
556-86-3144,Giza,Naypyitaw,Member,Female,Fashion accessories,74.29,1,3.7145,78.0045,1/13/2019,7:30:00 PM,Cash,74.29,4.761904762,3.7145,5
848-24-9445,Giza,Naypyitaw,Member,Male,Health and beauty,43.7,2,4.37,91.77,3/26/2019,6:03:00 PM,Cash,87.4,4.761904762,4.37,4.9
699-01-4164,Giza,Naypyitaw,Normal,Male,Health and beauty,41.5,4,8.3,174.3,03-12-2019,7:58:00 PM,Credit card,166,4.761904762,8.3,8.2
420-11-4919,Giza,Naypyitaw,Member,Female,Food and beverages,71.39,5,17.8475,374.7975,2/17/2019,7:57:00 PM,Credit card,356.95,4.761904762,17.8475,5.5
606-80-4905,Giza,Naypyitaw,Member,Female,Sports and travel,19.15,6,5.745,120.645,1/29/2019,10:01:00 AM,Credit card,114.9,4.761904762,5.745,6.8
426-39-2418,Giza,Naypyitaw,Normal,Male,Electronic accessories,61.41,7,21.4935,451.3635,1/14/2019,10:02:00 AM,Cash,429.87,4.761904762,21.4935,9.8
672-51-8681,Giza,Naypyitaw,Member,Female,Electronic accessories,66.65,9,29.9925,629.8425,01-04-2019,6:19:00 PM,Credit card,599.85,4.761904762,29.9925,9.7
263-87-5680,Giza,Naypyitaw,Member,Female,Home and lifestyle,28.53,10,14.265,299.565,3/18/2019,5:38:00 PM,Ewallet,285.3,4.761904762,14.265,7.8
677-11-0152,Giza,Naypyitaw,Normal,Female,Food and beverages,93.26,9,41.967,881.307,1/16/2019,6:08:00 PM,Cash,839.34,4.761904762,41.967,8.8
389-25-3394,Giza,Naypyitaw,Normal,Male,Electronic accessories,11.81,5,2.9525,62.0025,2/17/2019,6:06:00 PM,Cash,59.05,4.761904762,2.9525,9.4
279-62-1445,Giza,Naypyitaw,Member,Female,Fashion accessories,12.54,1,0.627,13.167,2/21/2019,12:38:00 PM,Cash,12.54,4.761904762,0.627,8.2
746-68-6593,Giza,Naypyitaw,Member,Female,Sports and travel,87.16,2,8.716,183.036,01-11-2019,2:29:00 PM,Credit card,174.32,4.761904762,8.716,9.7
583-72-1480,Giza,Naypyitaw,Member,Male,Electronic accessories,37.06,4,7.412,155.652,1/31/2019,4:24:00 PM,Ewallet,148.24,4.761904762,7.412,9.7
211-30-9270,Giza,Naypyitaw,Normal,Male,Health and beauty,17.41,5,4.3525,91.4025,1/28/2019,3:16:00 PM,Credit card,87.05,4.761904762,4.3525,4.9
755-12-3214,Giza,Naypyitaw,Member,Female,Fashion accessories,44.22,5,11.055,232.155,03-05-2019,5:07:00 PM,Credit card,221.1,4.761904762,11.055,8.6
142-72-4741,Giza,Naypyitaw,Member,Male,Fashion accessories,93.2,2,9.32,195.72,2/28/2019,6:37:00 PM,Credit card,186.4,4.761904762,9.32,6
662-47-5456,Giza,Naypyitaw,Member,Male,Fashion accessories,35.19,10,17.595,369.495,3/17/2019,7:06:00 PM,Credit card,351.9,4.761904762,17.595,8.4
883-17-4236,Giza,Naypyitaw,Normal,Female,Sports and travel,14.39,2,1.439,30.219,03-02-2019,7:44:00 PM,Credit card,28.78,4.761904762,1.439,7.2
380-94-4661,Giza,Naypyitaw,Member,Male,Electronic accessories,65.94,4,13.188,276.948,02-07-2019,1:05:00 PM,Credit card,263.76,4.761904762,13.188,6.9
821-07-3596,Giza,Naypyitaw,Normal,Female,Fashion accessories,16.45,4,3.29,69.09,03-07-2019,2:53:00 PM,Ewallet,65.8,4.761904762,3.29,5.6
808-65-0703,Giza,Naypyitaw,Normal,Male,Home and lifestyle,35.47,4,7.094,148.974,3/14/2019,5:22:00 PM,Credit card,141.88,4.761904762,7.094,6.9
687-15-1097,Giza,Naypyitaw,Member,Female,Health and beauty,21.12,2,2.112,44.352,01-03-2019,7:17:00 PM,Cash,42.24,4.761904762,2.112,9.7
526-86-8552,Giza,Naypyitaw,Member,Female,Home and lifestyle,21.82,10,10.91,229.11,01-07-2019,5:36:00 PM,Cash,218.2,4.761904762,10.91,7.1
376-56-3573,Giza,Naypyitaw,Normal,Female,Fashion accessories,95.42,4,19.084,400.764,02-02-2019,1:23:00 PM,Ewallet,381.68,4.761904762,19.084,6.4
537-72-0426,Giza,Naypyitaw,Member,Male,Fashion accessories,70.99,10,35.495,745.395,3/20/2019,4:28:00 PM,Cash,709.9,4.761904762,35.495,5.7
523-38-0215,Giza,Naypyitaw,Normal,Male,Home and lifestyle,37,1,1.85,38.85,03-06-2019,1:29:00 PM,Credit card,37,4.761904762,1.85,7.9
593-95-4461,Giza,Naypyitaw,Member,Male,Home and lifestyle,74.86,1,3.743,78.603,3/24/2019,2:49:00 PM,Cash,74.86,4.761904762,3.743,6.9
226-71-3580,Giza,Naypyitaw,Normal,Female,Sports and travel,23.75,9,10.6875,224.4375,1/31/2019,12:02:00 PM,Cash,213.75,4.761904762,10.6875,9.5
558-80-4082,Giza,Naypyitaw,Normal,Male,Electronic accessories,27.85,7,9.7475,204.6975,3/14/2019,5:20:00 PM,Ewallet,194.95,4.761904762,9.7475,6
211-05-0490,Giza,Naypyitaw,Member,Female,Electronic accessories,51.92,5,12.98,272.58,03-03-2019,1:42:00 PM,Cash,259.6,4.761904762,12.98,7.5
727-75-6477,Giza,Naypyitaw,Normal,Male,Electronic accessories,28.84,4,5.768,121.128,3/29/2019,2:44:00 PM,Cash,115.36,4.761904762,5.768,6.4
779-06-0012,Giza,Naypyitaw,Member,Female,Home and lifestyle,88.61,1,4.4305,93.0405,1/19/2019,10:21:00 AM,Cash,88.61,4.761904762,4.4305,7.7
446-47-6729,Giza,Naypyitaw,Normal,Male,Fashion accessories,99.82,2,9.982,209.622,01-02-2019,6:09:00 PM,Credit card,199.64,4.761904762,9.982,6.7
735-06-4124,Giza,Naypyitaw,Normal,Male,Food and beverages,48.61,1,2.4305,51.0405,2/25/2019,3:31:00 PM,Cash,48.61,4.761904762,2.4305,4.4
181-94-6432,Giza,Naypyitaw,Member,Male,Fashion accessories,69.33,2,6.933,145.593,02-05-2019,7:05:00 PM,Ewallet,138.66,4.761904762,6.933,9.7
227-07-4446,Giza,Naypyitaw,Member,Female,Electronic accessories,78.13,10,39.065,820.365,02-10-2019,8:51:00 PM,Cash,781.3,4.761904762,39.065,4.4
174-36-3675,Giza,Naypyitaw,Member,Male,Food and beverages,99.37,2,9.937,208.677,2/14/2019,5:29:00 PM,Cash,198.74,4.761904762,9.937,5.2
428-83-5800,Giza,Naypyitaw,Member,Female,Food and beverages,21.08,3,3.162,66.402,02-09-2019,10:25:00 AM,Cash,63.24,4.761904762,3.162,7.3
603-07-0961,Giza,Naypyitaw,Member,Male,Electronic accessories,74.79,5,18.6975,392.6475,01-10-2019,11:34:00 AM,Cash,373.95,4.761904762,18.6975,4.9
704-20-4138,Giza,Naypyitaw,Member,Female,Health and beauty,29.67,7,10.3845,218.0745,03-11-2019,6:58:00 PM,Credit card,207.69,4.761904762,10.3845,8.1
787-15-1757,Giza,Naypyitaw,Member,Male,Health and beauty,44.07,4,8.814,185.094,2/18/2019,4:28:00 PM,Ewallet,176.28,4.761904762,8.814,8.4
649-11-3678,Giza,Naypyitaw,Normal,Female,Food and beverages,22.93,9,10.3185,216.6885,2/26/2019,8:26:00 PM,Cash,206.37,4.761904762,10.3185,5.5
622-20-1945,Giza,Naypyitaw,Normal,Female,Health and beauty,39.42,1,1.971,41.391,1/18/2019,3:08:00 PM,Cash,39.42,4.761904762,1.971,8.4
719-76-3868,Giza,Naypyitaw,Member,Male,Food and beverages,94.26,4,18.852,395.892,03-12-2019,4:30:00 PM,Cash,377.04,4.761904762,18.852,8.6
835-16-0096,Giza,Naypyitaw,Member,Male,Sports and travel,14.7,5,3.675,77.175,3/24/2019,1:48:00 PM,Ewallet,73.5,4.761904762,3.675,8.5
633-09-3463,Giza,Naypyitaw,Normal,Female,Electronic accessories,47.65,3,7.1475,150.0975,3/28/2019,12:58:00 PM,Credit card,142.95,4.761904762,7.1475,9.5
416-13-5917,Giza,Naypyitaw,Normal,Female,Food and beverages,97.03,5,24.2575,509.4075,1/30/2019,4:24:00 PM,Ewallet,485.15,4.761904762,24.2575,9.3
725-96-3778,Giza,Naypyitaw,Member,Female,Home and lifestyle,89.25,8,35.7,749.7,1/20/2019,10:13:00 AM,Cash,714,4.761904762,35.7,4.7
860-79-0874,Giza,Naypyitaw,Member,Female,Fashion accessories,99.3,10,49.65,1042.65,2/15/2019,2:53:00 PM,Credit card,993,4.761904762,49.65,6.6
320-49-6392,Giza,Naypyitaw,Normal,Female,Electronic accessories,30.24,1,1.512,31.752,03-04-2019,3:44:00 PM,Cash,30.24,4.761904762,1.512,8.4
632-90-0281,Giza,Naypyitaw,Normal,Female,Fashion accessories,37.55,10,18.775,394.275,03-08-2019,8:01:00 PM,Credit card,375.5,4.761904762,18.775,9.3
554-42-2417,Giza,Naypyitaw,Normal,Female,Sports and travel,95.44,10,47.72,1002.12,01-09-2019,1:45:00 PM,Cash,954.4,4.761904762,47.72,5.2
605-72-4132,Giza,Naypyitaw,Normal,Female,Food and beverages,94.47,8,37.788,793.548,2/27/2019,3:12:00 PM,Cash,755.76,4.761904762,37.788,9.1
471-41-2823,Giza,Naypyitaw,Normal,Male,Food and beverages,99.79,2,9.979,209.559,03-07-2019,8:37:00 PM,Ewallet,199.58,4.761904762,9.979,8
272-27-9238,Giza,Naypyitaw,Normal,Female,Food and beverages,41.24,4,8.248,173.208,2/19/2019,4:23:00 PM,Cash,164.96,4.761904762,8.248,7.1
834-25-9262,Giza,Naypyitaw,Normal,Female,Fashion accessories,81.68,4,16.336,343.056,01-06-2019,12:12:00 PM,Cash,326.72,4.761904762,16.336,9.1
122-61-9553,Giza,Naypyitaw,Normal,Female,Electronic accessories,51.32,9,23.094,484.974,3/14/2019,7:33:00 PM,Cash,461.88,4.761904762,23.094,5.6
613-59-9758,Giza,Naypyitaw,Normal,Female,Sports and travel,14.36,10,7.18,150.78,1/27/2019,2:28:00 PM,Cash,143.6,4.761904762,7.18,5.4
730-70-9830,Giza,Naypyitaw,Normal,Female,Home and lifestyle,70.11,6,21.033,441.693,3/14/2019,5:54:00 PM,Ewallet,420.66,4.761904762,21.033,5.2
382-25-8917,Giza,Naypyitaw,Normal,Male,Fashion accessories,42.08,6,12.624,265.104,1/29/2019,12:25:00 PM,Cash,252.48,4.761904762,12.624,8.9
743-88-1662,Giza,Naypyitaw,Normal,Male,Sports and travel,95.49,7,33.4215,701.8515,2/22/2019,6:17:00 PM,Ewallet,668.43,4.761904762,33.4215,8.7
595-86-2894,Giza,Naypyitaw,Member,Male,Fashion accessories,96.98,4,19.396,407.316,02-06-2019,5:20:00 PM,Ewallet,387.92,4.761904762,19.396,9.4
462-78-5240,Giza,Naypyitaw,Normal,Female,Electronic accessories,26.61,2,2.661,55.881,3/19/2019,2:35:00 PM,Cash,53.22,4.761904762,2.661,4.2
153-58-4872,Giza,Naypyitaw,Member,Female,Food and beverages,74.89,4,14.978,314.538,03-01-2019,3:32:00 PM,Ewallet,299.56,4.761904762,14.978,4.2
689-16-9784,Giza,Naypyitaw,Normal,Male,Food and beverages,46.77,6,14.031,294.651,03-11-2019,1:37:00 PM,Cash,280.62,4.761904762,14.031,6
394-41-0748,Giza,Naypyitaw,Member,Female,Fashion accessories,54.07,9,24.3315,510.9615,1/27/2019,2:55:00 PM,Ewallet,486.63,4.761904762,24.3315,9.5
541-89-9860,Giza,Naypyitaw,Member,Female,Fashion accessories,80.48,3,12.072,253.512,2/15/2019,12:31:00 PM,Cash,241.44,4.761904762,12.072,8.1
110-05-6330,Giza,Naypyitaw,Normal,Female,Food and beverages,39.43,6,11.829,248.409,3/25/2019,8:18:00 PM,Credit card,236.58,4.761904762,11.829,9.4
651-61-0874,Giza,Naypyitaw,Normal,Male,Home and lifestyle,46.22,4,9.244,194.124,03-12-2019,8:04:00 PM,Credit card,184.88,4.761904762,9.244,6.2
236-86-3015,Giza,Naypyitaw,Member,Male,Home and lifestyle,13.98,1,0.699,14.679,02-04-2019,1:38:00 PM,Ewallet,13.98,4.761904762,0.699,9.8
587-03-7455,Giza,Naypyitaw,Member,Female,Fashion accessories,97.79,7,34.2265,718.7565,2/16/2019,5:30:00 PM,Ewallet,684.53,4.761904762,34.2265,4.9
372-26-1506,Giza,Naypyitaw,Normal,Female,Fashion accessories,23.82,5,5.955,125.055,1/28/2019,7:24:00 PM,Ewallet,119.1,4.761904762,5.955,5.4
750-57-9686,Giza,Naypyitaw,Normal,Female,Home and lifestyle,45.38,4,9.076,190.596,01-08-2019,1:48:00 PM,Credit card,181.52,4.761904762,9.076,8.7
186-09-3669,Giza,Naypyitaw,Member,Female,Health and beauty,81.51,1,4.0755,85.5855,1/22/2019,10:57:00 AM,Ewallet,81.51,4.761904762,4.0755,9.2
266-76-6436,Giza,Naypyitaw,Member,Female,Food and beverages,38.6,3,5.79,121.59,3/28/2019,1:57:00 PM,Ewallet,115.8,4.761904762,5.79,7.5
740-22-2500,Giza,Naypyitaw,Normal,Female,Electronic accessories,84.05,3,12.6075,264.7575,1/23/2019,1:29:00 PM,Cash,252.15,4.761904762,12.6075,9.8
271-88-8734,Giza,Naypyitaw,Member,Female,Fashion accessories,97.21,10,48.605,1020.705,02-08-2019,1:00:00 PM,Credit card,972.1,4.761904762,48.605,8.7
489-64-4354,Giza,Naypyitaw,Normal,Male,Fashion accessories,16.28,1,0.814,17.094,03-09-2019,3:36:00 PM,Cash,16.28,4.761904762,0.814,5
574-57-9721,Giza,Naypyitaw,Normal,Male,Food and beverages,43.27,2,4.327,90.867,03-08-2019,4:53:00 PM,Ewallet,86.54,4.761904762,4.327,5.7
751-69-0068,Giza,Naypyitaw,Normal,Male,Sports and travel,99.24,9,44.658,937.818,3/19/2019,7:09:00 PM,Ewallet,893.16,4.761904762,44.658,9
257-73-1380,Giza,Naypyitaw,Member,Male,Sports and travel,82.93,4,16.586,348.306,1/20/2019,4:51:00 PM,Ewallet,331.72,4.761904762,16.586,9.6
549-96-4200,Giza,Naypyitaw,Member,Male,Food and beverages,17.04,4,3.408,71.568,03-08-2019,8:15:00 PM,Ewallet,68.16,4.761904762,3.408,7
810-60-6344,Giza,Naypyitaw,Normal,Female,Electronic accessories,40.86,8,16.344,343.224,02-07-2019,2:38:00 PM,Credit card,326.88,4.761904762,16.344,6.5
450-28-2866,Giza,Naypyitaw,Member,Male,Food and beverages,17.44,5,4.36,91.56,1/15/2019,7:25:00 PM,Cash,87.2,4.761904762,4.36,8.1
192-98-7397,Giza,Naypyitaw,Normal,Male,Fashion accessories,12.78,1,0.639,13.419,01-08-2019,2:11:00 PM,Ewallet,12.78,4.761904762,0.639,9.5
235-46-8343,Giza,Naypyitaw,Member,Male,Food and beverages,27.66,10,13.83,290.43,2/14/2019,11:26:00 AM,Credit card,276.6,4.761904762,13.83,8.9
453-12-7053,Giza,Naypyitaw,Normal,Male,Fashion accessories,45.74,3,6.861,144.081,03-10-2019,5:38:00 PM,Credit card,137.22,4.761904762,6.861,6.5
325-90-8763,Giza,Naypyitaw,Member,Female,Electronic accessories,46.57,10,23.285,488.985,1/27/2019,1:58:00 PM,Cash,465.7,4.761904762,23.285,7.6
729-46-7422,Giza,Naypyitaw,Normal,Male,Food and beverages,35.89,1,1.7945,37.6845,2/23/2019,4:52:00 PM,Credit card,35.89,4.761904762,1.7945,7.9
639-76-1242,Giza,Naypyitaw,Normal,Male,Food and beverages,40.52,5,10.13,212.73,02-03-2019,3:19:00 PM,Cash,202.6,4.761904762,10.13,4.5
326-71-2155,Giza,Naypyitaw,Normal,Female,Sports and travel,73.95,4,14.79,310.59,02-03-2019,10:02:00 AM,Cash,295.8,4.761904762,14.79,6.1
320-32-8842,Giza,Naypyitaw,Member,Female,Food and beverages,22.62,1,1.131,23.751,3/17/2019,6:58:00 PM,Cash,22.62,4.761904762,1.131,6.4
878-30-2331,Giza,Naypyitaw,Member,Female,Sports and travel,54.55,10,27.275,572.775,03-02-2019,11:22:00 AM,Credit card,545.5,4.761904762,27.275,7.1
440-59-5691,Giza,Naypyitaw,Member,Female,Health and beauty,37.15,7,13.0025,273.0525,02-08-2019,1:12:00 PM,Credit card,260.05,4.761904762,13.0025,7.7
746-19-0921,Giza,Naypyitaw,Normal,Male,Food and beverages,21.58,1,1.079,22.659,02-09-2019,10:02:00 AM,Ewallet,21.58,4.761904762,1.079,7.2
233-34-0817,Giza,Naypyitaw,Member,Female,Electronic accessories,98.84,1,4.942,103.782,2/15/2019,11:21:00 AM,Cash,98.84,4.761904762,4.942,8.4
767-05-1286,Giza,Naypyitaw,Member,Female,Home and lifestyle,83.77,6,25.131,527.751,1/23/2019,12:10:00 PM,Ewallet,502.62,4.761904762,25.131,5.4
598-47-9715,Giza,Naypyitaw,Normal,Male,Electronic accessories,84.07,4,16.814,353.094,03-07-2019,4:54:00 PM,Ewallet,336.28,4.761904762,16.814,4.4
541-08-3113,Giza,Naypyitaw,Normal,Male,Food and beverages,65.97,8,26.388,554.148,02-02-2019,8:29:00 PM,Cash,527.76,4.761904762,26.388,8.4
246-11-3901,Giza,Naypyitaw,Normal,Female,Electronic accessories,32.8,10,16.4,344.4,2/15/2019,12:12:00 PM,Cash,328,4.761904762,16.4,6.2
493-65-6248,Giza,Naypyitaw,Member,Female,Sports and travel,36.98,10,18.49,388.29,01-01-2019,7:48:00 PM,Credit card,369.8,4.761904762,18.49,7
556-72-8512,Giza,Naypyitaw,Normal,Male,Home and lifestyle,22.96,1,1.148,24.108,1/30/2019,8:47:00 PM,Cash,22.96,4.761904762,1.148,4.3
148-82-2527,Giza,Naypyitaw,Member,Female,Home and lifestyle,12.12,10,6.06,127.26,03-05-2019,1:44:00 PM,Credit card,121.2,4.761904762,6.06,8.4
556-97-7101,Giza,Naypyitaw,Normal,Female,Electronic accessories,63.22,2,6.322,132.762,01-01-2019,3:51:00 PM,Cash,126.44,4.761904762,6.322,8.5
862-59-8517,Giza,Naypyitaw,Normal,Female,Food and beverages,90.24,6,27.072,568.512,1/27/2019,11:17:00 AM,Cash,541.44,4.761904762,27.072,6.2
573-98-8548,Giza,Naypyitaw,Member,Female,Fashion accessories,31.9,1,1.595,33.495,01-05-2019,12:40:00 PM,Ewallet,31.9,4.761904762,1.595,9.1
620-02-2046,Giza,Naypyitaw,Normal,Male,Home and lifestyle,69.4,2,6.94,145.74,1/27/2019,7:48:00 PM,Ewallet,138.8,4.761904762,6.94,9
602-80-9671,Giza,Naypyitaw,Member,Female,Home and lifestyle,15.95,6,4.785,100.485,02-09-2019,5:15:00 PM,Credit card,95.7,4.761904762,4.785,5.1
503-07-0930,Giza,Naypyitaw,Member,Male,Sports and travel,58.39,7,20.4365,429.1665,2/23/2019,7:49:00 PM,Credit card,408.73,4.761904762,20.4365,8.2
413-20-6708,Giza,Naypyitaw,Member,Female,Fashion accessories,51.47,1,2.5735,54.0435,3/18/2019,3:52:00 PM,Ewallet,51.47,4.761904762,2.5735,8.5
521-18-7827,Giza,Naypyitaw,Member,Male,Home and lifestyle,39.39,5,9.8475,206.7975,1/22/2019,8:46:00 PM,Credit card,196.95,4.761904762,9.8475,8.7
600-38-9738,Giza,Naypyitaw,Member,Male,Sports and travel,71.92,5,17.98,377.58,1/17/2019,3:05:00 PM,Credit card,359.6,4.761904762,17.98,4.3
451-28-5717,Giza,Naypyitaw,Member,Female,Home and lifestyle,83.17,6,24.951,523.971,3/20/2019,11:23:00 AM,Cash,499.02,4.761904762,24.951,7.3
133-14-7229,Giza,Naypyitaw,Normal,Male,Health and beauty,62.87,2,6.287,132.027,01-01-2019,11:43:00 AM,Cash,125.74,4.761904762,6.287,5
236-27-1144,Giza,Naypyitaw,Normal,Female,Food and beverages,16.31,9,7.3395,154.1295,3/26/2019,10:31:00 AM,Ewallet,146.79,4.761904762,7.3395,8.4
583-41-4548,Giza,Naypyitaw,Normal,Male,Home and lifestyle,16.67,7,5.8345,122.5245,02-07-2019,11:36:00 AM,Ewallet,116.69,4.761904762,5.8345,7.4
358-88-9262,Giza,Naypyitaw,Member,Female,Food and beverages,87.48,6,26.244,551.124,02-01-2019,6:43:00 PM,Ewallet,524.88,4.761904762,26.244,5.1
343-87-0864,Giza,Naypyitaw,Member,Male,Health and beauty,75.88,1,3.794,79.674,01-03-2019,10:30:00 AM,Credit card,75.88,4.761904762,3.794,7.1
243-47-2663,Giza,Naypyitaw,Member,Male,Electronic accessories,18.77,6,5.631,118.251,1/28/2019,4:43:00 PM,Credit card,112.62,4.761904762,5.631,5.5
399-69-4630,Giza,Naypyitaw,Normal,Male,Electronic accessories,22.21,6,6.663,139.923,03-07-2019,10:23:00 AM,Credit card,133.26,4.761904762,6.663,8.6
283-26-5248,Giza,Naypyitaw,Member,Female,Food and beverages,98.52,10,49.26,1034.46,1/30/2019,8:23:00 PM,Ewallet,985.2,4.761904762,49.26,4.5
866-99-7614,Giza,Naypyitaw,Normal,Male,Food and beverages,89.2,10,44.6,936.6,02-11-2019,3:42:00 PM,Credit card,892,4.761904762,44.6,4.4
718-57-9773,Giza,Naypyitaw,Normal,Female,Sports and travel,49.33,10,24.665,517.965,02-03-2019,4:40:00 PM,Credit card,493.3,4.761904762,24.665,9.4
408-26-9866,Giza,Naypyitaw,Normal,Female,Sports and travel,73.98,7,25.893,543.753,03-02-2019,4:42:00 PM,Ewallet,517.86,4.761904762,25.893,4.1
592-34-6155,Giza,Naypyitaw,Normal,Male,Food and beverages,31.77,4,6.354,133.434,1/14/2019,2:43:00 PM,Ewallet,127.08,4.761904762,6.354,6.2
390-31-6381,Giza,Naypyitaw,Normal,Male,Food and beverages,27.22,3,4.083,85.743,01-07-2019,12:37:00 PM,Cash,81.66,4.761904762,4.083,7.3
339-18-7061,Giza,Naypyitaw,Member,Female,Fashion accessories,92.98,2,9.298,195.258,2/13/2019,3:06:00 PM,Credit card,185.96,4.761904762,9.298,8
379-17-6588,Giza,Naypyitaw,Normal,Male,Fashion accessories,59.61,10,29.805,625.905,3/14/2019,11:07:00 AM,Cash,596.1,4.761904762,29.805,5.3
302-15-2162,Giza,Naypyitaw,Member,Male,Health and beauty,46.53,6,13.959,293.139,03-03-2019,10:54:00 AM,Credit card,279.18,4.761904762,13.959,4.3
788-07-8452,Giza,Naypyitaw,Member,Female,Home and lifestyle,24.24,7,8.484,178.164,1/27/2019,5:38:00 PM,Ewallet,169.68,4.761904762,8.484,9.4
123-35-4896,Giza,Naypyitaw,Normal,Female,Sports and travel,46.66,9,20.997,440.937,2/17/2019,7:11:00 PM,Ewallet,419.94,4.761904762,20.997,5.3
258-69-7810,Giza,Naypyitaw,Normal,Female,Fashion accessories,36.85,5,9.2125,193.4625,1/26/2019,6:53:00 PM,Cash,184.25,4.761904762,9.2125,9.2
219-61-4139,Giza,Naypyitaw,Normal,Male,Electronic accessories,83.08,1,4.154,87.234,1/23/2019,5:16:00 PM,Ewallet,83.08,4.761904762,4.154,6.4
881-41-7302,Giza,Naypyitaw,Normal,Female,Fashion accessories,64.99,1,3.2495,68.2395,1/26/2019,10:06:00 AM,Credit card,64.99,4.761904762,3.2495,4.5
373-09-4567,Giza,Naypyitaw,Normal,Male,Food and beverages,77.56,10,38.78,814.38,3/14/2019,8:35:00 PM,Ewallet,775.6,4.761904762,38.78,6.9
484-22-8230,Giza,Naypyitaw,Member,Female,Fashion accessories,51.89,7,18.1615,381.3915,01-08-2019,8:08:00 PM,Cash,363.23,4.761904762,18.1615,4.5
544-32-5024,Giza,Naypyitaw,Member,Female,Food and beverages,49.79,4,9.958,209.118,3/28/2019,7:16:00 PM,Credit card,199.16,4.761904762,9.958,6.4
277-35-5865,Giza,Naypyitaw,Member,Female,Food and beverages,98.97,9,44.5365,935.2665,03-09-2019,11:23:00 AM,Cash,890.73,4.761904762,44.5365,6.7
284-54-4231,Giza,Naypyitaw,Member,Male,Sports and travel,80.93,1,4.0465,84.9765,1/19/2019,4:08:00 PM,Credit card,80.93,4.761904762,4.0465,9
840-19-2096,Giza,Naypyitaw,Member,Male,Electronic accessories,87.91,5,21.9775,461.5275,3/14/2019,6:10:00 PM,Ewallet,439.55,4.761904762,21.9775,4.4
641-96-3695,Giza,Naypyitaw,Member,Female,Fashion accessories,43.46,6,13.038,273.798,02-07-2019,5:55:00 PM,Ewallet,260.76,4.761904762,13.038,8.5
318-81-2368,Giza,Naypyitaw,Normal,Female,Electronic accessories,46.2,1,2.31,48.51,3/19/2019,12:16:00 PM,Cash,46.2,4.761904762,2.31,6.3
155-45-3814,Giza,Naypyitaw,Member,Female,Electronic accessories,88.55,8,35.42,743.82,3/19/2019,3:29:00 PM,Ewallet,708.4,4.761904762,35.42,4.7
131-15-8856,Giza,Naypyitaw,Member,Female,Food and beverages,72.52,8,29.008,609.168,3/30/2019,7:26:00 PM,Credit card,580.16,4.761904762,29.008,4
273-84-2164,Giza,Naypyitaw,Member,Male,Electronic accessories,12.05,5,3.0125,63.2625,2/16/2019,3:53:00 PM,Ewallet,60.25,4.761904762,3.0125,5.5
778-89-7974,Giza,Naypyitaw,Normal,Male,Health and beauty,70.21,6,21.063,442.323,3/30/2019,2:58:00 PM,Cash,421.26,4.761904762,21.063,7.4
859-71-0933,Giza,Naypyitaw,Member,Female,Sports and travel,15.49,2,1.549,32.529,1/16/2019,3:10:00 PM,Cash,30.98,4.761904762,1.549,6.3
740-11-5257,Giza,Naypyitaw,Normal,Male,Electronic accessories,24.74,10,12.37,259.77,2/24/2019,4:44:00 PM,Cash,247.4,4.761904762,12.37,7.1
250-81-7186,Giza,Naypyitaw,Normal,Female,Electronic accessories,99.69,1,4.9845,104.6745,2/27/2019,10:23:00 AM,Credit card,99.69,4.761904762,4.9845,8
842-29-4695,Giza,Naypyitaw,Member,Male,Sports and travel,17.14,7,5.999,125.979,1/16/2019,12:07:00 PM,Credit card,119.98,4.761904762,5.999,7.9
641-51-2661,Giza,Naypyitaw,Member,Female,Food and beverages,87.1,10,43.55,914.55,02-12-2019,2:45:00 PM,Credit card,871,4.761904762,43.55,9.9
714-02-3114,Giza,Naypyitaw,Normal,Female,Sports and travel,98.8,2,9.88,207.48,2/21/2019,11:39:00 AM,Cash,197.6,4.761904762,9.88,7.7
408-66-6712,Giza,Naypyitaw,Member,Female,Health and beauty,47.71,6,14.313,300.573,2/16/2019,2:19:00 PM,Ewallet,286.26,4.761904762,14.313,4.4
556-41-6224,Giza,Naypyitaw,Normal,Male,Health and beauty,33.64,8,13.456,282.576,2/15/2019,5:10:00 PM,Credit card,269.12,4.761904762,13.456,9.3
648-94-3045,Giza,Naypyitaw,Normal,Male,Health and beauty,58.95,10,29.475,618.975,02-07-2019,2:27:00 PM,Ewallet,589.5,4.761904762,29.475,8.1
370-96-0655,Giza,Naypyitaw,Normal,Female,Fashion accessories,49.32,6,14.796,310.716,01-09-2019,1:46:00 PM,Ewallet,295.92,4.761904762,14.796,7.1
173-57-2300,Giza,Naypyitaw,Member,Male,Sports and travel,72.88,2,7.288,153.048,3/13/2019,12:51:00 PM,Cash,145.76,4.761904762,7.288,6.1
394-55-6384,Giza,Naypyitaw,Member,Female,Sports and travel,70.19,9,31.5855,663.2955,1/25/2019,1:38:00 PM,Cash,631.71,4.761904762,31.5855,6.7
266-20-6657,Giza,Naypyitaw,Member,Male,Food and beverages,55.04,7,19.264,404.544,03-12-2019,7:39:00 PM,Ewallet,385.28,4.761904762,19.264,5.2
196-01-2849,Giza,Naypyitaw,Member,Female,Fashion accessories,73.38,7,25.683,539.343,02-10-2019,1:56:00 PM,Cash,513.66,4.761904762,25.683,9.5
372-62-5264,Giza,Naypyitaw,Normal,Female,Food and beverages,52.6,9,23.67,497.07,1/16/2019,2:42:00 PM,Cash,473.4,4.761904762,23.67,7.6
751-41-9720,Giza,Naypyitaw,Normal,Male,Home and lifestyle,97.5,10,48.75,1023.75,01-12-2019,4:18:00 PM,Ewallet,975,4.761904762,48.75,8
626-43-7888,Giza,Naypyitaw,Normal,Female,Fashion accessories,60.41,8,24.164,507.444,02-07-2019,12:23:00 PM,Ewallet,483.28,4.761904762,24.164,9.6
162-65-8559,Giza,Naypyitaw,Member,Male,Food and beverages,68.98,1,3.449,72.429,1/21/2019,8:13:00 PM,Cash,68.98,4.761904762,3.449,4.8
760-27-5490,Giza,Naypyitaw,Normal,Male,Fashion accessories,15.62,8,6.248,131.208,1/20/2019,8:37:00 PM,Ewallet,124.96,4.761904762,6.248,9.1
728-88-7867,Giza,Naypyitaw,Member,Female,Home and lifestyle,75.53,4,15.106,317.226,3/19/2019,3:52:00 PM,Ewallet,302.12,4.761904762,15.106,8.3
183-21-3799,Giza,Naypyitaw,Normal,Female,Electronic accessories,77.63,9,34.9335,733.6035,2/19/2019,3:14:00 PM,Ewallet,698.67,4.761904762,34.9335,7.2
268-20-3585,Giza,Naypyitaw,Normal,Female,Health and beauty,13.85,9,6.2325,130.8825,02-04-2019,12:50:00 PM,Ewallet,124.65,4.761904762,6.2325,6
735-32-9839,Giza,Naypyitaw,Member,Male,Fashion accessories,98.7,8,39.48,829.08,1/31/2019,10:36:00 AM,Ewallet,789.6,4.761904762,39.48,8.5
678-79-0726,Giza,Naypyitaw,Member,Female,Sports and travel,90.63,9,40.7835,856.4535,1/18/2019,3:28:00 PM,Cash,815.67,4.761904762,40.7835,5.1
592-46-1692,Giza,Naypyitaw,Member,Female,Food and beverages,36.77,7,12.8695,270.2595,01-11-2019,8:10:00 PM,Cash,257.39,4.761904762,12.8695,7.4
149-14-0304,Giza,Naypyitaw,Member,Female,Health and beauty,28.5,8,11.4,239.4,02-06-2019,2:24:00 PM,Cash,228,4.761904762,11.4,6.6
442-44-6497,Giza,Naypyitaw,Member,Male,Home and lifestyle,55.57,3,8.3355,175.0455,01-08-2019,11:42:00 AM,Credit card,166.71,4.761904762,8.3355,5.9
210-74-9613,Giza,Naypyitaw,Normal,Male,Fashion accessories,97.26,4,19.452,408.492,3/16/2019,3:33:00 PM,Ewallet,389.04,4.761904762,19.452,6.8
607-65-2441,Giza,Naypyitaw,Member,Male,Health and beauty,81.95,10,40.975,860.475,03-10-2019,12:39:00 PM,Credit card,819.5,4.761904762,40.975,6
386-27-7606,Giza,Naypyitaw,Member,Female,Home and lifestyle,81.2,7,28.42,596.82,3/23/2019,3:59:00 PM,Credit card,568.4,4.761904762,28.42,8.1
137-63-5492,Giza,Naypyitaw,Normal,Male,Electronic accessories,58.76,10,29.38,616.98,1/29/2019,2:26:00 PM,Ewallet,587.6,4.761904762,29.38,9
733-29-1227,Giza,Naypyitaw,Normal,Male,Home and lifestyle,55.61,7,19.4635,408.7335,3/23/2019,12:41:00 PM,Cash,389.27,4.761904762,19.4635,8.5
451-73-2711,Giza,Naypyitaw,Normal,Male,Food and beverages,84.83,1,4.2415,89.0715,1/14/2019,3:20:00 PM,Ewallet,84.83,4.761904762,4.2415,8.8
345-68-9016,Giza,Naypyitaw,Member,Female,Sports and travel,31.67,8,12.668,266.028,01-02-2019,4:19:00 PM,Credit card,253.36,4.761904762,12.668,5.6
390-17-5806,Giza,Naypyitaw,Member,Female,Food and beverages,38.42,1,1.921,40.341,02-02-2019,4:33:00 PM,Cash,38.42,4.761904762,1.921,8.6
664-14-2882,Giza,Naypyitaw,Member,Female,Home and lifestyle,10.53,5,2.6325,55.2825,1/30/2019,2:43:00 PM,Credit card,52.65,4.761904762,2.6325,5.8
314-23-4520,Giza,Naypyitaw,Member,Male,Health and beauty,81.23,7,28.4305,597.0405,1/15/2019,8:44:00 PM,Cash,568.61,4.761904762,28.4305,9
288-38-3758,Giza,Naypyitaw,Member,Female,Fashion accessories,84.87,3,12.7305,267.3405,1/25/2019,6:30:00 PM,Ewallet,254.61,4.761904762,12.7305,7.4
801-88-0346,Giza,Naypyitaw,Normal,Female,Fashion accessories,76.06,3,11.409,239.589,01-05-2019,8:30:00 PM,Credit card,228.18,4.761904762,11.409,9.8
759-98-4285,Giza,Naypyitaw,Member,Female,Health and beauty,85.87,7,30.0545,631.1445,2/27/2019,7:01:00 PM,Credit card,601.09,4.761904762,30.0545,8
201-63-8275,Giza,Naypyitaw,Member,Female,Sports and travel,67.99,7,23.7965,499.7265,2/17/2019,4:50:00 PM,Ewallet,475.93,4.761904762,23.7965,5.7
471-06-8611,Giza,Naypyitaw,Normal,Female,Food and beverages,52.42,1,2.621,55.041,02-06-2019,10:22:00 AM,Credit card,52.42,4.761904762,2.621,6.3
200-16-5952,Giza,Naypyitaw,Member,Male,Food and beverages,65.65,2,6.565,137.865,1/17/2019,4:46:00 PM,Cash,131.3,4.761904762,6.565,6
102-77-2261,Giza,Naypyitaw,Member,Male,Health and beauty,65.31,7,22.8585,480.0285,03-05-2019,6:02:00 PM,Credit card,457.17,4.761904762,22.8585,4.2
102-06-2002,Giza,Naypyitaw,Member,Male,Sports and travel,25.25,5,6.3125,132.5625,3/20/2019,5:52:00 PM,Cash,126.25,4.761904762,6.3125,6.1
629-42-4133,Giza,Naypyitaw,Normal,Male,Health and beauty,21.8,8,8.72,183.12,2/19/2019,7:24:00 PM,Cash,174.4,4.761904762,8.72,8.3
468-99-7231,Giza,Naypyitaw,Normal,Female,Home and lifestyle,44.01,8,17.604,369.684,03-03-2019,5:36:00 PM,Cash,352.08,4.761904762,17.604,8.8
516-77-6464,Giza,Naypyitaw,Member,Female,Health and beauty,10.16,5,2.54,53.34,2/24/2019,1:08:00 PM,Ewallet,50.8,4.761904762,2.54,4.1
886-77-9084,Giza,Naypyitaw,Normal,Male,Electronic accessories,71.89,8,28.756,603.876,2/19/2019,11:33:00 AM,Ewallet,575.12,4.761904762,28.756,5.5
790-38-4466,Giza,Naypyitaw,Normal,Female,Health and beauty,10.99,5,2.7475,57.6975,1/23/2019,10:18:00 AM,Credit card,54.95,4.761904762,2.7475,9.3
704-10-4056,Giza,Naypyitaw,Member,Male,Health and beauty,60.47,3,9.0705,190.4805,1/14/2019,10:55:00 AM,Credit card,181.41,4.761904762,9.0705,5.6
400-80-4065,Giza,Naypyitaw,Member,Male,Health and beauty,68.55,4,13.71,287.91,2/15/2019,8:21:00 PM,Credit card,274.2,4.761904762,13.71,9.2
443-60-9639,Giza,Naypyitaw,Member,Female,Home and lifestyle,60.87,1,3.0435,63.9135,1/24/2019,1:24:00 PM,Cash,60.87,4.761904762,3.0435,5.5
401-09-4232,Giza,Naypyitaw,Member,Male,Home and lifestyle,86.69,5,21.6725,455.1225,02-11-2019,6:38:00 PM,Ewallet,433.45,4.761904762,21.6725,9.4
324-41-6833,Giza,Naypyitaw,Member,Female,Electronic accessories,30.2,8,12.08,253.68,03-03-2019,7:30:00 PM,Ewallet,241.6,4.761904762,12.08,5.1
474-33-8305,Giza,Naypyitaw,Member,Male,Fashion accessories,67.39,7,23.5865,495.3165,3/23/2019,1:23:00 PM,Ewallet,471.73,4.761904762,23.5865,6.9
189-55-2313,Giza,Naypyitaw,Normal,Female,Fashion accessories,62.18,10,31.09,652.89,1/31/2019,10:33:00 AM,Ewallet,621.8,4.761904762,31.09,6
815-04-6282,Giza,Naypyitaw,Member,Female,Sports and travel,64.97,5,16.2425,341.0925,02-08-2019,12:52:00 PM,Credit card,324.85,4.761904762,16.2425,6.5
477-59-2456,Giza,Naypyitaw,Normal,Female,Fashion accessories,45.44,7,15.904,333.984,1/23/2019,11:15:00 AM,Cash,318.08,4.761904762,15.904,9.2
784-21-9238,Giza,Naypyitaw,Member,Male,Sports and travel,10.17,1,0.5085,10.6785,02-07-2019,2:15:00 PM,Cash,10.17,4.761904762,0.5085,5.9
538-22-0304,Giza,Naypyitaw,Normal,Male,Electronic accessories,64.95,10,32.475,681.975,3/24/2019,6:27:00 PM,Cash,649.5,4.761904762,32.475,5.2
660-29-7083,Giza,Naypyitaw,Normal,Male,Electronic accessories,55.87,10,27.935,586.635,1/15/2019,3:01:00 PM,Cash,558.7,4.761904762,27.935,5.8
271-77-8740,Giza,Naypyitaw,Member,Female,Sports and travel,29.22,6,8.766,184.086,01-01-2019,11:40:00 AM,Ewallet,175.32,4.761904762,8.766,5
549-23-9016,Giza,Naypyitaw,Member,Female,Food and beverages,14.87,2,1.487,31.227,2/13/2019,6:15:00 PM,Credit card,29.74,4.761904762,1.487,8.9
862-29-5914,Giza,Naypyitaw,Normal,Female,Sports and travel,22.38,1,1.119,23.499,1/30/2019,5:08:00 PM,Credit card,22.38,4.761904762,1.119,8.6
845-94-6841,Giza,Naypyitaw,Member,Female,Food and beverages,72.88,9,32.796,688.716,01-08-2019,7:38:00 PM,Cash,655.92,4.761904762,32.796,4
658-66-3967,Giza,Naypyitaw,Normal,Male,Health and beauty,53.19,7,18.6165,390.9465,1/14/2019,3:42:00 PM,Ewallet,372.33,4.761904762,18.6165,5
848-95-6252,Giza,Naypyitaw,Member,Female,Home and lifestyle,86.27,1,4.3135,90.5835,2/20/2019,1:24:00 PM,Ewallet,86.27,4.761904762,4.3135,7
176-78-1170,Giza,Naypyitaw,Member,Male,Health and beauty,33.81,3,5.0715,106.5015,1/26/2019,3:11:00 PM,Ewallet,101.43,4.761904762,5.0715,7.3
101-81-4070,Giza,Naypyitaw,Member,Female,Health and beauty,62.82,2,6.282,131.922,1/17/2019,12:36:00 PM,Ewallet,125.64,4.761904762,6.282,4.9
631-34-1880,Giza,Naypyitaw,Member,Male,Food and beverages,24.31,3,3.6465,76.5765,01-08-2019,7:09:00 PM,Credit card,72.93,4.761904762,3.6465,4.3
584-66-4073,Giza,Naypyitaw,Normal,Male,Fashion accessories,56.5,1,2.825,59.325,3/13/2019,3:45:00 PM,Ewallet,56.5,4.761904762,2.825,9.6
154-87-7367,Giza,Naypyitaw,Normal,Male,Home and lifestyle,65.26,8,26.104,548.184,3/15/2019,2:04:00 PM,Ewallet,522.08,4.761904762,26.104,6.3
885-56-0389,Giza,Naypyitaw,Member,Male,Fashion accessories,52.35,1,2.6175,54.9675,02-12-2019,5:49:00 PM,Cash,52.35,4.761904762,2.6175,4
115-38-7388,Giza,Naypyitaw,Member,Female,Fashion accessories,10.18,8,4.072,85.512,3/30/2019,12:51:00 PM,Credit card,81.44,4.761904762,4.072,9.5
137-74-8729,Giza,Naypyitaw,Normal,Female,Fashion accessories,12.19,8,4.876,102.396,3/13/2019,12:47:00 PM,Ewallet,97.52,4.761904762,4.876,6.8
389-70-2397,Giza,Naypyitaw,Normal,Female,Health and beauty,83.66,5,20.915,439.215,2/21/2019,10:26:00 AM,Cash,418.3,4.761904762,20.915,7.2
607-76-6216,Giza,Naypyitaw,Member,Female,Fashion accessories,92.49,5,23.1225,485.5725,03-02-2019,4:35:00 PM,Credit card,462.45,4.761904762,23.1225,8.6
781-84-8059,Giza,Naypyitaw,Normal,Male,Fashion accessories,60.74,7,21.259,446.439,1/18/2019,4:23:00 PM,Ewallet,425.18,4.761904762,21.259,5
409-49-6995,Giza,Naypyitaw,Member,Female,Food and beverages,47.27,6,14.181,297.801,02-05-2019,10:17:00 AM,Cash,283.62,4.761904762,14.181,8.8
725-54-0677,Giza,Naypyitaw,Member,Male,Health and beauty,85.6,7,29.96,629.16,03-02-2019,1:50:00 PM,Cash,599.2,4.761904762,29.96,5.3
377-79-7592,Giza,Naypyitaw,Member,Female,Electronic accessories,44.84,9,20.178,423.738,1/14/2019,2:00:00 PM,Credit card,403.56,4.761904762,20.178,7.5
545-07-8534,Giza,Naypyitaw,Normal,Female,Health and beauty,58.32,2,5.832,122.472,2/14/2019,12:42:00 PM,Ewallet,116.64,4.761904762,5.832,6
118-62-1812,Giza,Naypyitaw,Member,Female,Home and lifestyle,78.38,4,15.676,329.196,3/24/2019,5:56:00 PM,Cash,313.52,4.761904762,15.676,7.9
450-42-3339,Giza,Naypyitaw,Normal,Male,Health and beauty,84.61,10,42.305,888.405,02-09-2019,6:58:00 PM,Credit card,846.1,4.761904762,42.305,8.8
151-27-8496,Giza,Naypyitaw,Normal,Female,Electronic accessories,56.13,4,11.226,235.746,1/19/2019,11:43:00 AM,Ewallet,224.52,4.761904762,11.226,8.6
717-96-4189,Giza,Naypyitaw,Normal,Female,Electronic accessories,35.49,6,10.647,223.587,02-02-2019,12:40:00 PM,Cash,212.94,4.761904762,10.647,4.1
722-13-2115,Giza,Naypyitaw,Member,Male,Sports and travel,42.85,1,2.1425,44.9925,3/14/2019,3:36:00 PM,Credit card,42.85,4.761904762,2.1425,9.3
246-55-6923,Giza,Naypyitaw,Member,Female,Home and lifestyle,35.79,9,16.1055,338.2155,03-10-2019,3:06:00 PM,Credit card,322.11,4.761904762,16.1055,5.1
838-02-1821,Giza,Naypyitaw,Member,Female,Home and lifestyle,12.73,2,1.273,26.733,2/22/2019,12:10:00 PM,Credit card,25.46,4.761904762,1.273,5.2
887-42-0517,Giza,Naypyitaw,Normal,Female,Sports and travel,83.14,7,29.099,611.079,01-10-2019,10:31:00 AM,Credit card,581.98,4.761904762,29.099,6.6
457-12-0244,Giza,Naypyitaw,Member,Female,Sports and travel,35.22,6,10.566,221.886,3/14/2019,1:49:00 PM,Ewallet,211.32,4.761904762,10.566,6.5
756-93-1854,Giza,Naypyitaw,Member,Female,Fashion accessories,83.35,2,8.335,175.035,02-02-2019,2:05:00 PM,Credit card,166.7,4.761904762,8.335,9.5
458-10-8612,Giza,Naypyitaw,Normal,Male,Health and beauty,64.08,7,22.428,470.988,1/20/2019,12:27:00 PM,Ewallet,448.56,4.761904762,22.428,7.6
235-06-8510,Giza,Naypyitaw,Member,Male,Home and lifestyle,85.72,3,12.858,270.018,1/24/2019,8:59:00 PM,Ewallet,257.16,4.761904762,12.858,5.1
433-08-7822,Giza,Naypyitaw,Normal,Female,Health and beauty,78.89,7,27.6115,579.8415,01-05-2019,7:48:00 PM,Ewallet,552.23,4.761904762,27.6115,7.5
500-02-2261,Giza,Naypyitaw,Normal,Female,Food and beverages,57.29,6,17.187,360.927,3/21/2019,5:04:00 PM,Ewallet,343.74,4.761904762,17.187,5.9
702-83-5291,Giza,Naypyitaw,Member,Male,Fashion accessories,99.82,9,44.919,943.299,3/27/2019,10:43:00 AM,Cash,898.38,4.761904762,44.919,6.6
859-97-6048,Giza,Naypyitaw,Member,Male,Electronic accessories,84.25,2,8.425,176.925,3/26/2019,2:13:00 PM,Credit card,168.5,4.761904762,8.425,5.3
373-88-1424,Giza,Naypyitaw,Member,Male,Home and lifestyle,35.81,5,8.9525,188.0025,02-06-2019,6:44:00 PM,Ewallet,179.05,4.761904762,8.9525,7.9
784-08-0310,Giza,Naypyitaw,Member,Female,Food and beverages,21.04,4,4.208,88.368,1/13/2019,1:58:00 PM,Cash,84.16,4.761904762,4.208,7.6
577-34-7579,Giza,Naypyitaw,Member,Male,Food and beverages,50.49,9,22.7205,477.1305,01-10-2019,5:16:00 PM,Cash,454.41,4.761904762,22.7205,5.4
867-47-1948,Giza,Naypyitaw,Normal,Female,Home and lifestyle,15.8,10,7.9,165.9,01-09-2019,12:07:00 PM,Cash,158,4.761904762,7.9,7.8
256-58-3609,Giza,Naypyitaw,Member,Male,Fashion accessories,91.98,1,4.599,96.579,3/18/2019,3:29:00 PM,Cash,91.98,4.761904762,4.599,9.8
364-34-2972,Giza,Naypyitaw,Member,Male,Electronic accessories,96.82,3,14.523,304.983,3/30/2019,8:37:00 PM,Cash,290.46,4.761904762,14.523,6.7
744-82-9138,Giza,Naypyitaw,Normal,Male,Fashion accessories,86.13,2,8.613,180.873,02-07-2019,5:59:00 PM,Cash,172.26,4.761904762,8.613,8.2
728-47-9078,Giza,Naypyitaw,Member,Male,Food and beverages,59.59,4,11.918,250.278,1/19/2019,12:46:00 PM,Cash,238.36,4.761904762,11.918,9.8
148-41-7930,Giza,Naypyitaw,Normal,Male,Health and beauty,99.96,7,34.986,734.706,1/23/2019,10:33:00 AM,Cash,699.72,4.761904762,34.986,6.1
189-40-5216,Giza,Naypyitaw,Normal,Male,Electronic accessories,96.37,7,33.7295,708.3195,01-09-2019,11:40:00 AM,Cash,674.59,4.761904762,33.7295,6
267-62-7380,Giza,Naypyitaw,Member,Male,Electronic accessories,82.34,10,41.17,864.57,3/29/2019,7:12:00 PM,Ewallet,823.4,4.761904762,41.17,4.3
652-49-6720,Giza,Naypyitaw,Member,Female,Electronic accessories,60.95,1,3.0475,63.9975,2/18/2019,11:40:00 AM,Ewallet,60.95,4.761904762,3.0475,5.9
233-67-5758,Giza,Naypyitaw,Normal,Male,Health and beauty,40.35,1,2.0175,42.3675,1/29/2019,1:46:00 PM,Ewallet,40.35,4.761904762,2.0175,6.2
